@article{torma2009markov,
  title={{A Markov-Chain Monte Carlo Approach to Simultaneous Localization and Mapping}},
  author={Torma, P. and Gyorgy, A. and Szepesvari, C.},
  year={2009},
  publisher={Journal of Machine Learning Research}
}

@article{fenwick1994new,
  title={{A new data structure for cumulative frequency tables}},
  author={Fenwick, P.M.},
  journal={Software: Practice and Experience},
  volume={24},
  number={3},
  pages={327--336},
  year={1994},
  publisher={John Wiley \& Sons}
}
